@book{strogatz2006nonlinear,
  title={Nonlinear dynamics and chaos (with applications to physics, biology, chemistry a},
  author={Strogatz, Steven H},
  year={2006},
  publisher={Perseus Publishing}
}

@article{verdugo2013molecular,
  title={Molecular mechanisms creating bistable switches at cell cycle transitions},
  author={Verdugo, Anael and Vinod, PK and Tyson, John J and Novak, Bela},
  journal={Open biology},
  volume={3},
  number={3},
  year={2013},
  publisher={The Royal Society}
}

@article{borghans1996extending,
  title={Extending the quasi-steady state approximation by changing variables},
  author={Borghans, Jos{\'e} AM and De Boer, Rob J and Segel, Lee A},
  journal={Bulletin of mathematical biology},
  volume={58},
  number={1},
  pages={43--63},
  year={1996},
  publisher={Springer}
}

@article{khoo2008total,
  title={The total quasi-steady state assumption: its justification by singular perturbation theory and its application to the chemical master equation},
  author={Khoo, Chin Foon and Hegland, Markus},
  journal={ANZIAM Journal},
  volume={50},
  pages={C429--C443},
  year={2008}
}

@article{segel1988validity,
	title={On the validity of the steady state assumption of enzyme kinetics},
	author={Segel, Lee A},
	journal={Bulletin of mathematical biology},
	volume={50},
	number={6},
	pages={579--593},
	year={1988},
	publisher={Elsevier}
}
